@book{SolTriska1,
    title = {Solution Methods for the Social Golfer Problem},
    author = {Markus Triska},
    year = {2008},
    url = {https://www.dbai.tuwien.ac.at/staff/musliu/TriskaThesis.pdf}
}

@article{EulerOfficer,
 ISSN = {0003486X},
 URL = {http://www.jstor.org/stable/1967920},
 author = {Harris F. MacNeish},
 journal = {Annals of Mathematics},
 number = {3},
 pages = {221--227},
 publisher = {Annals of Mathematics},
 title = {Euler Squares},
 urldate = {2024-05-24},
 volume = {23},
 year = {1922}
}

@inproceedings{dotu2005scheduling,
  title={Scheduling social golfers locally},
  author={Dot{\'u}, Iv{\'a}n and Van Hentenryck, Pascal},
  booktitle={Integration of AI and OR Techniques in Constraint Programming for Combinatorial Optimization Problems: Second International Conference, CPAIOR 2005, Prague, Czech Republic, May 31-June 1, 2005. Proceedings 2},
  pages={155--167},
  year={2005},
  organization={Springer}
}

@InProceedings{GolferRevisitedLiu,
author="Liu, Ke
and L{\"o}ffler, Sven
and Hofstedt, Petra",
editor="van den Herik, Jaap
and Rocha, Ana Paula
and Steels, Luc",
title="Social Golfer Problem Revisited",
booktitle="Agents and Artificial Intelligence",
year="2019",
publisher="Springer International Publishing",
address="Cham",
pages="72--99",
isbn="978-3-030-37494-5"
}

@article{PAVONE2023113316,
title = {On the seven non-isomorphic solutions of the fifteen schoolgirl problem},
journal = {Discrete Mathematics},
volume = {346},
number = {6},
pages = {113316},
year = {2023},
issn = {0012-365X},
doi = {https://doi.org/10.1016/j.disc.2023.113316},
url = {https://www.sciencedirect.com/science/article/pii/S0012365X2300002X},
author = {Marco Pavone},
keywords = {Schoolgirl problem, Kirkman triple system, KTS, Steiner triple system, STS, Non-isomorphic systems}
}

@article{ACAD21SGP,
author = {Limpanuparb, Taweetham and Datta, Sopanant and Tawornparcha, Piyathida and Chinsukserm, Kridtin},
title = {ACAD-Feedback: Online Framework for Assignment, Collection, Analysis, and Distribution of Self, Peer, Instructor, and Group Feedback},
journal = {Journal of Chemical Education},
volume = {98},
number = {9},
pages = {3038-3044},
year = {2021},
doi = {10.1021/acs.jchemed.1c00424},
URL = { 
        https://doi.org/10.1021/acs.jchemed.1c00424
},
eprint = { 
        https://doi.org/10.1021/acs.jchemed.1c00424
}
}

@Article{MillerGroup21,
AUTHOR = {Miller, Alice and Barr, Matthew and Kavanagh, William and Valkov, Ivaylo and Purchase, Helen C.},
TITLE = {Breakout Group Allocation Schedules and the Social Golfer Problem with Adjacent Group Sizes},
JOURNAL = {Symmetry},
VOLUME = {13},
YEAR = {2021},
NUMBER = {1},
ARTICLE-NUMBER = {13},
URL = {https://www.mdpi.com/2073-8994/13/1/13},
ISSN = {2073-8994},
DOI = {10.3390/sym13010013}
}

@InProceedings{Lambers21Tournament,
author="Lambers, Roel
and Rothuizen, Laurent
and Spieksma, Frits C. R.",
editor="Stuckey, Peter J.",
title="The Traveling Social Golfer Problem: The Case of the Volleyball Nations League",
booktitle="Integration of Constraint Programming, Artificial Intelligence, and Operations Research",
year="2021",
publisher="Springer International Publishing",
address="Cham",
pages="149--162",
isbn="978-3-030-78230-6"
}
@inproceedings{salassaa2017social,
  title={The Social Doubles Tournament Problem},
  author={Salassaa, F and Della Croceb, F},
  booktitle={Proceedings of MathSport International 2017 Conference},
  pages={320},
  year={2017}
}

@article{triska2012effective,
  title={An effective greedy heuristic for the social golfer problem},
  author={Triska, Markus and Musliu, Nysret},
  journal={Annals of Operations Research},
  volume={194},
  number={1},
  pages={413--425},
  year={2012},
  publisher={Springer}
}

@InProceedings{cotta2006ma,
author="Cotta, Carlos
and Dot{\'u}, Iv{\'a}n
and Fern{\'a}ndez, Antonio J.
and Van Hentenryck, Pascal",
editor="Almeida, Francisco
and Blesa Aguilera, Mar{\'i}a J.
and Blum, Christian
and Moreno Vega, Jos{\'e} Marcos
and P{\'e}rez P{\'e}rez, Melqu{\'i}ades
and Roli, Andrea
and Sampels, Michael",
title="Scheduling Social Golfers with Memetic Evolutionary Programming",
booktitle="Hybrid Metaheuristics",
year="2006",
publisher="Springer Berlin Heidelberg",
address="Berlin, Heidelberg",
pages="150--161",
isbn="978-3-540-46385-6"
}

@article{barnier2005solving,
  title={Solving Kirkmanâ€™s schoolgirl problem in a few seconds},
  author={Barnier, Nicolas and Brisset, Pascal},
  journal={Constraints},
  volume={10},
  pages={7--21},
  year={2005},
  publisher={Springer}
}

@InProceedings{fahle2001sym,
author="Fahle, Torsten
and Schamberger, Stefan
and Sellmann, Meinolf",
editor="Walsh, Toby",
title="Symmetry Breaking",
booktitle="Principles and Practice of Constraint Programming --- CP 2001",
year="2001",
publisher="Springer Berlin Heidelberg",
address="Berlin, Heidelberg",
pages="93--107",
isbn="978-3-540-45578-3"
}

@article{hopkroft1973n5,
  title={An n5/2 algorithm for maximum matching in bipartite graphs},
  author={Hopkroft, John E and Karp, Richard M},
  journal={SIAM J. Comput},
  volume={2},
  pages={225--231},
  year={1973}
}

@inproceedings{triska2008solving,
  title={Solving the social golfer problem with a GRASP},
  author={Triska, Markus and Musliu, Nysret},
  booktitle={Proceedings of the 7th International Conference on the Practice and Theory of Automated Timetabling,(PATAT 2008). Springer, Montr{\'e}al},
  year={2008}
}

@InProceedings{lester21pb,
author="Lester, Martin Mariusz",
editor="Li, Chu-Min
and Many{\`a}, Felip",
title="Scheduling Reach Mahjong Tournaments Using Pseudoboolean Constraints",
booktitle="Theory and Applications of Satisfiability Testing -- SAT 2021",
year="2021",
publisher="Springer International Publishing",
address="Cham",
pages="349--358",
isbn="978-3-030-80223-3"
}

@article{triska2012improved,
  title={An improved SAT formulation for the social golfer problem},
  author={Triska, Markus and Musliu, Nysret},
  journal={Annals of Operations Research},
  volume={194},
  number={1},
  pages={427--438},
  year={2012},
  publisher={Springer}
}

@misc{csplib:prob010,
title        = {{CSPLib} Problem 010: Social Golfers Problem},
author       = {Warwick Harvey},
editor       = {Jefferson, Christopher and Miguel, Ian and Hnich, Brahim and Walsh, Toby and Gent, Ian P.},
booktitle    = {{CSPLib}: A problem library for constraints},
howpublished = {\url{http://www.csplib.org/Problems/prob010}}
}